@article{regression_testing_reduction,
  author    = {Yoo, S. and Harman, M.},
  title     = {Regression Testing Minimization, Selection and Prioritization: A Survey},
  year      = {2012},
  publisher = {John Wiley and Sons Ltd.},
  volume    = {22},
  number    = {2},
  doi       = {10.1002/stv.430},
  journal   = {Softw. Test. Verif. Reliab.},
  month     = mar,
  pages     = {67-120},
  address   = {Hoboken, New Jersey},
  numpages  = {54}
}

@misc{ekstazi_tool,
  title        = {{Ekstazi}: Lightweight Test Selection},
  author       = {{Gligoric, Milos, Lamyaa Eloussi, and Darko Marinov}},
  howpublished = {\url{https://www.ekstazi.org/}},
  note         = {Retrieved on 07.12.2021}
}

@inproceedings{ekstazimain,
  author    = {Milos Gligoric and Lamyaa Eloussi and Darko Marinov},
  title     = {Practical Regression Test Selection with Dynamic File Dependencies},
  year      = {2015},
  publisher = {Association for Computing Machinery},
  address   = {New York, NY, USA},
  doi       = {10.1145/2771783.2771784},
  booktitle = {Proceedings of the 2015 International Symposium on Software Testing and Analysis},
  pages     = {211-222},
  numpages  = {12}
}

@inproceedings{ekstazispec,
  author    = {Gligoric, Milos and Eloussi, Lamyaa and Marinov, Darko},
  booktitle = {Proceedings of the 37th International Conference on Software Engineering},
  title     = {{Ekstazi}: Lightweight Test Selection},
  year      = {2015},
  volume    = {2},
  pages     = {713-716},
  doi       = {10.1109/ICSE.2015.230}
}

% STARTS

@misc{starts_tool,
  title        = {{STARTS - A tool for STAtic Regression Test Selection}},
  author       = {Legunsen, Owolabi and Shi, August and Marinov, Darko},
  howpublished = {\url{https://github.com/TestingResearchIllinois/starts/}},
  note         = {Retrieved on 07.12.2021}
}

@inproceedings{starts_paper,
  author    = {Legunsen, Owolabi and Shi, August and Marinov, Darko},
  title     = {{STARTS: STAtic Regression Test Selection}},
  year      = {2017},
  publisher = {IEEE},
  address   = {New York, NY, USA},
  booktitle = {Proceedings of the 32nd International Conference on Automated Software Engineering},
  pages     = {949-954},
  numpages  = {6},
  keywords  = {Software Testing, Regression Testing, Regression Test Selection}
}

@inproceedings{prestarts,
  author    = {Legunsen, Owolabi and Hariri, Farah and Shi, August and Lu, Yafeng and Zhang, Lingming and Marinov, Darko},
  title     = {An Extensive Study of Static Regression Test Selection in Modern Software Evolution},
  year      = {2016},
  publisher = {Association for Computing Machinery},
  address   = {New York, NY, USA},
  doi       = {10.1145/2950290.2950361},
  booktitle = {Proceedings of the 24th International Symposium on Foundations of Software Engineering},
  pages     = {583-594},
  numpages  = {12}
}


% HyRTS

@misc{hyrts_tool,
  title        = {{HyRTS}},
  author       = {{Zhang, Lingming}},
  howpublished = {\url{http://hyrts.org/}},
  note         = {Retrieved on 07.12.2021}
}

@inproceedings{hyrts_paper,
  author    = {Zhang, Lingming},
  title     = {Hybrid Regression Test Selection},
  year      = {2018},
  publisher = {Association for Computing Machinery},
  address   = {New York, NY, USA},
  doi       = {10.1145/3180155.3180198},
  booktitle = {Proceedings of the 40th International Conference on Software Engineering},
  pages     = {199-209},
  numpages  = {11}
}

% GIBstazi

@misc{gibstazi_tool,
  title        = {{gitflow-incremental-builder} with {GIBstazi}},
  author       = {August Shi and Peiyuan Zhao and Darko Marinov},
  howpublished = {\url{https://github.com/august782/gitflow-incremental-builder/}},
  note         = {Retrieved on 07.12.2021}
}

@inproceedings{gibstazi_paper,
  author    = {Shi, August and Zhao, Peiyuan and Marinov, Darko},
  booktitle = {Proceedings of the 30th International Symposium on Software Reliability Engineering},
  title     = {Understanding and Improving Regression Test Selection in Continuous Integration},
  year      = {2019},
  pages     = {228-238},
  doi       = {10.1109/ISSRE.2019.00031},
  publisher = {IEEE},
  address   = {New York, NY, USA}
} 

% Openclover

@misc{openclover_tool,
  title        = {{OpenClover - Java, Groovy and AspectJ code coverage tool}},
  author       = {Parfianowicz, Marek and Lewandowski, Grzegorz},
  howpublished = {\url{https://openclover.org/}},
  note         = {Retrieved on 07.12.2021}
}

% RTS general

@article{rts_techniques,
  title     = {A systematic review on regression test selection techniques},
  journal   = {Information and Software Technology},
  volume    = {52},
  number    = {1},
  pages     = {14-30},
  year      = {2010},
  doi       = {10.1016/j.infsof.2009.07.001},
  author    = {Emelie Engstr√∂m and Per Runeson and Mats Skoglund},
  publisher = {Elsevier},
  address   = {Amsterdam, Netherlands}
}

@inproceedings{rts_techniques2,
  author    = {Engstr\"{o}m, Emelie and Skoglund, Mats and Runeson, Per},
  title     = {Empirical Evaluations of Regression Test Selection Techniques: A Systematic Review},
  year      = {2008},
  publisher = {Association for Computing Machinery},
  address   = {New York, NY, USA},
  doi       = {10.1145/1414004.1414011},
  booktitle = {Proceedings of the Second International Symposium on Empirical Software Engineering and Measurement},
  pages     = {22-31},
  numpages  = {10}
}


@inproceedings{unsafety_eval,
  author    = {Zhu, Chenguang and Legunsen, Owolabi and Shi, August and Gligoric, Milos},
  title     = {A Framework for Checking Regression Test Selection Tools},
  year      = {2019},
  publisher = {IEEE},
  address   = {New York, NY, USA},
  doi       = {10.1109/ICSE.2019.00056},
  booktitle = {Proceedings of the 41st International Conference on Software Engineering},
  pages     = {430-441},
  numpages  = {12}
}

@article{safety_paper,
  author     = {Rothermel, Gregg and Harrold, Mary Jean},
  title      = {A Safe, Efficient Regression Test Selection Technique},
  year       = {1997},
  issue_date = {April 1997},
  publisher  = {Association for Computing Machinery},
  address    = {New York, NY, USA},
  volume     = {6},
  number     = {2},
  issn       = {1049-331X},
  doi        = {10.1145/248233.248262},
  journal    = {ACM Trans. Softw. Eng. Methodol.},
  month      = 4,
  pages      = {173-210},
  numpages   = {38}
}
