@article{regression_testing_reduction,
  author    = {Yoo, S. and Harman, M.},
  title     = {Regression Testing Minimization, Selection and Prioritization: A Survey},
  year      = {2012},
  publisher = {John Wiley and Sons Ltd.},
  volume    = {22},
  number    = {2},
  doi       = {10.1002/stv.430},
  journal   = {Softw. Test. Verif. Reliab.},
  month     = {mar},
  pages     = {67-120},
  address   = {Hoboken, New Jersey},
  numpages  = {54}
}

@article{10.1155/2010/620836,
  author    = {Kasurinen, Jussi and Taipale, Ossi and Smolander, Kari},
  year      = {2010},
  month     = {02},
  title     = {Software Test Automation in Practice: Empirical Observations},
  volume    = {2010},
  journal   = {Advances in Software Engineering},
  doi       = {10.1155/2010/620836},
  publisher = {IEEE},
  address   = {New York, NY, USA}
}

@inproceedings{7965447,
  author     = {Memon, Atif and Zebao Gao and Bao Nguyen and Dhanda, Sanjeev and Nickell, Eric and Siemborski, Rob and Micco, John},
  booktitle  = {Proceedings of the 39th International Conference on Software Engineering: Software Engineering in Practice Track},
  shorttitle = {ICSE-SEIP},
  title      = {Taming {Google}-scale continuous testing},
  year       = {2017},
  pages      = {233-242},
  doi        = {10.1109/ICSE-SEIP.2017.16},
  publisher  = {IEEE},
  address    = {New York, NY, USA}
}

% Apache Projekts

@misc{camel,
  title        = {{Apache Camel}},
  author       = {{The Apache Software Foundation}},
  howpublished = {\url{https://github.com/apache/camel/}},
  note         = {Retrieved on 07.12.2021}
}

@misc{cxf,
  title        = {{Apache CXF}},
  author       = {{The Apache Software Foundation}},
  howpublished = {\url{https://github.com/apache/cxf/}},
  note         = {Retrieved on 07.12.2021}
}

@misc{commonsmath,
  title        = {{Commons Math}: The Apache Commons Mathematics Library},
  author       = {{The Apache Software Foundation}},
  howpublished = {\url{https://gitbox.apache.org/repos/asf?p=commons-math.git/}},
  note         = {Retrieved on 07.12.2021}
}

% Ekstazi

@misc{ekstazi_tool,
  title        = {{Ekstazi}: Lightweight Test Selection},
  author       = {Gligoric, Milos and Eloussi, Lamyaa and Marinov, Darko},
  howpublished = {\url{https://www.ekstazi.org/}},
  note         = {Retrieved on 07.12.2021}
}

@inproceedings{ekstazimain,
  author    = {Gligoric, Milos and Eloussi, Lamyaa and Marinov, Darko},
  title     = {Practical Regression Test Selection with Dynamic File Dependencies},
  year      = {2015},
  publisher = {Association for Computing Machinery},
  address   = {New York, NY, USA},
  doi       = {10.1145/2771783.2771784},
  booktitle = {Proceedings of the 2015 International Symposium on Software Testing and Analysis},
  pages     = {211-222},
  numpages  = {12}
}

@article{safe_definition,
  author     = {Rothermel, Gregg and Harrold, Mary Jean},
  title      = {A Safe, Efficient Regression Test Selection Technique},
  year       = {1997},
  issue_date = {April 1997},
  publisher  = {Association for Computing Machinery},
  address    = {New York, NY, USA},
  volume     = {6},
  number     = {2},
  issn       = {1049-331X},
  doi        = {10.1145/248233.248262},
  journal    = {ACM Trans. Softw. Eng. Methodol.},
  month      = {apr},
  pages      = {173-210},
  numpages   = {38}
}

@inproceedings{ekstazispec,
  author    = {Gligoric, Milos and Eloussi, Lamyaa and Marinov, Darko},
  booktitle = {Proceedings of the 37th International Conference on Software Engineering},
  title     = {{Ekstazi}: Lightweight Test Selection},
  year      = {2015},
  volume    = {2},
  pages     = {713-716},
  doi       = {10.1109/ICSE.2015.230},
  publisher = {IEEE},
  numpages  = {4},
  location  = {Florence, Italy},
  series    = {ICSE '15}
}


% STARTS

@misc{starts_tool,
  title        = {{STARTS - A tool for STAtic Regression Test Selection}},
  author       = {Legunsen, Owolabi and Shi, August and Marinov, Darko},
  howpublished = {\url{https://github.com/TestingResearchIllinois/starts/}},
  note         = {Retrieved on 07.12.2021}
}

@inproceedings{starts_paper,
  author    = {Legunsen, Owolabi and Shi, August and Marinov, Darko},
  title     = {{STARTS: STAtic Regression Test Selection}},
  year      = {2017},
  publisher = {IEEE},
  address   = {New York, NY, USA},
  booktitle = {Proceedings of the 32nd International Conference on Automated Software Engineering},
  pages     = {949-954},
  numpages  = {6},
  keywords  = {Software Testing, Regression Testing, Regression Test Selection}
}

@inproceedings{prestarts,
  author    = {Legunsen, Owolabi and Hariri, Farah and Shi, August and Lu, Yafeng and Zhang, Lingming and Marinov, Darko},
  title     = {An Extensive Study of Static Regression Test Selection in Modern Software Evolution},
  year      = {2016},
  publisher = {Association for Computing Machinery},
  address   = {New York, NY, USA},
  doi       = {10.1145/2950290.2950361},
  booktitle = {Proceedings of the 24th International Symposium on Foundations of Software Engineering},
  pages     = {583-594},
  numpages  = {12}
}


% HyRTS

@misc{hyrts_tool,
  title        = {{HyRTS}},
  author       = {Zhang, Lingming},
  howpublished = {\url{http://hyrts.org/}},
  note         = {Retrieved on 07.12.2021}
}

@inproceedings{hyrts_paper,
  author    = {Zhang, Lingming},
  title     = {Hybrid Regression Test Selection},
  year      = {2018},
  publisher = {Association for Computing Machinery},
  address   = {New York, NY, USA},
  doi       = {10.1145/3180155.3180198},
  booktitle = {Proceedings of the 40th International Conference on Software Engineering},
  pages     = {199-209},
  numpages  = {11}
}

% GIBstazi

@misc{gibstazi_tool,
  title        = {{gitflow-incremental-builder} with {GIBstazi}},
  author       = {Shi, August and Zhao, Peiyuan and Marinov, Darko},
  howpublished = {\url{https://github.com/august782/gitflow-incremental-builder/}},
  note         = {Retrieved on 07.12.2021}
}

@inproceedings{gibstazi_paper,
  author    = {Shi, August and Zhao, Peiyuan and Marinov, Darko},
  booktitle = {Proceedings of the 30th International Symposium on Software Reliability Engineering},
  title     = {Understanding and Improving Regression Test Selection in Continuous Integration},
  year      = {2019},
  pages     = {228-238},
  doi       = {10.1109/ISSRE.2019.00031},
  publisher = {IEEE},
  address   = {New York, NY, USA}
} 

% Openclover

@misc{openclover_tool,
  title        = {{OpenClover - Java, Groovy and AspectJ code coverage tool}},
  author       = {Parfianowicz, Marek and Lewandowski, Grzegorz},
  howpublished = {\url{https://openclover.org/}},
  note         = {Retrieved on 07.12.2021}
}

% RTS general

@article{rts_techniques,
  title     = {A systematic review on regression test selection techniques},
  journal   = {Information and Software Technology},
  volume    = {52},
  number    = {1},
  pages     = {14-30},
  year      = {2010},
  doi       = {10.1016/j.infsof.2009.07.001},
  author    = {Emelie Engstr√∂m and Per Runeson and Mats Skoglund},
  publisher = {Elsevier},
  address   = {Amsterdam, Netherlands}
}

@inproceedings{rts_techniques2,
  author    = {Engstr\"{o}m, Emelie and Skoglund, Mats and Runeson, Per},
  title     = {Empirical Evaluations of Regression Test Selection Techniques: A Systematic Review},
  year      = {2008},
  publisher = {Association for Computing Machinery},
  address   = {New York, NY, USA},
  doi       = {10.1145/1414004.1414011},
  booktitle = {Proceedings of the Second International Symposium on Empirical Software Engineering and Measurement},
  pages     = {22-31},
  numpages  = {10}
}

% Github query

@inproceedings{pydriller,
  author    = {Spadini, Davide and Aniche, Maur\'{\i}cio and Bacchelli, Alberto},
  title     = {{PyDriller}: Python Framework for Mining Software Repositories},
  year      = {2018},
  publisher = {Association for Computing Machinery},
  address   = {New York, NY, USA},
  doi       = {10.1145/3236024.3264598},
  booktitle = {Proceedings of the 26th Joint Meeting on European Software Engineering Conference and Symposium on the Foundations of Software Engineering},
  pages     = {908-911},
  numpages  = {4}
}

@misc{pandas,
  author    = {The pandas development team},
  title     = {pandas-dev/pandas: {Pandas}},
  month     = {oct},
  year      = {2021},
  publisher = {Zenodo},
  version   = {1.3.4},
  doi       = {10.5281/zenodo.5574486}
}

@misc{pygithub,
  title        = {{PyGithub} - Typed interactions with the {GitHub} {API} v3 },
  author       = {Dangoor, Adam and Jacques, Vincent and Phelps, Jeremy and Wan, Liuyang},
  howpublished = {\url{https://github.com/PyGithub/PyGithub/}},
  note         = {Retrieved on 13.12.2021}
}

@manual{github_main_master,
  author       = {Mullans, Alex and Masso, Evelyn and Smythe, Will and Migenda, Jost},
  title        = {Renaming the default branch from master},
  howpublished = {\url{https://github.com/github/renaming/blob/040636ea50e945875c70cc964d586f645e9bd810/README.md}},
  note         = {Retrieved on 13.12.2021},
  organization = {{GitHub}},
  year         = {2020},
  month        = {7}
}

@article{ZDNet_master_main,
  author  = {Cimpanu, Catalin},
  date    = {2020-06-14},
  title   = {{GitHub} to replace "master" with alternative term to avoid slavery references},
  journal = {ZDNet},
  url     = {https://www.zdnet.com/article/github-to-replace-master-with-alternative-term-to-avoid-slavery-references/},
  urldate = {2020-12-13},
  year    = 2020
}

% Unsafety documentation

@inproceedings{unsafety_eval,
  author    = {Zhu, Chenguang and Legunsen, Owolabi and Shi, August and Gligoric, Milos},
  title     = {A Framework for Checking Regression Test Selection Tools},
  year      = {2019},
  publisher = {IEEE},
  address   = {New York, NY, USA},
  doi       = {10.1109/ICSE.2019.00056},
  booktitle = {Proceedings of the 41st International Conference on Software Engineering},
  pages     = {430-441},
  numpages  = {12}
}

% Java spec

@book{java_8_spec,
  author    = {Gosling, James and Joy, Bill and Steele, Guy L. and Bracha, Gilad and Buckley, Alex},
  title     = {{The Java Language Specification, Java SE 8 Edition}},
  year      = {2014},
  isbn      = {013390069X},
  publisher = {Addison-Wesley Professional},
  edition   = {1st}
}

@misc{java_9_class_api_docs,
  title        = {{Java¬Æ Platform, Standard Edition \& Java Development Kit Version 9 API Specification - Class Class<T>}},
  author       = {{Oracle}},
  howpublished = {\url{https://docs.oracle.com/javase/9/docs/api/java/lang/Class.html}},
  year         = 2017,
  note         = {Retrieved on 20.12.2021}
}

@techreport{java_cdi_jsr299,
  added-at    = {2012-12-07T10:32:19.000+0100},
  author      = {{JSR-299 Expert Group}},
  institution = {Oracle Corporation},
  month       = dec,
  title       = {{JSR-299: Contexts and Dependency Injection for
                 the Java EE platform}},
  url         = {http://download.oracle.com/otndocs/jcp/web_beans-1.0-fr-eval-oth-JSpec/},
  year        = 2009
}

@misc{guice_jit_bindings,
  author       = {Berlin, Sam and {a-googler}},
  title        = {{Just-in-time Bindings}},
  howpublished = {\url{https://github.com/google/guice/wiki/JustInTimeBindings/2a67b4ad7e34258c604a7ecb1140afa78d8b715f}},
  year         = 2020,
  note         = {Retrieved on 20.12.2021}
}

@manual{spring_manual,
  author       = {Rod Johnson and Juergen Hoeller and Keith Donald and Colin Sampaleanu and Rob Harrop and Thomas Risberg and Alef Arendsen and Darren Davison and Dmitriy Kopylenko and Mark Pollack and Thierry Templier and Erwin Vervaet and Portia Tung and Ben Hale and Adrian Colyer and John Lewis and Costin Leau and Mark Fisher and Sam Brannen and Ramnivas Laddad and Arjen Poutsma and Chris Beams and Tareq Abedrabbo and Andy Clement and Dave Syer and Oliver Gierke and Rossen Stoyanchev and Phillip Webb and Rob Winch and Brian Clozel and Stephane Nicoll and Sebastien Deleuze and Jay Bryant and Mark Paluch},
  title        = {{Spring Framework Documentation} - {Core}},
  organization = {{Pivotal}},
  howpublished = {\url{https://docs.spring.io/spring-framework/docs/5.3.14/reference/pdf/core.pdf}},
  year         = 2021,
  note         = {Retrieved on 20.12.2021}
}

@misc{clover_documentation,
  author       = {Marek Parfianowicz},
  title        = {{OpenClover 4.4: Coverage Recorders}},
  organization = {{Atlassian}},
  howpublished = {\url{https://openclover.org/doc/manual/4.4.0/ant--coverage-recorders.html}},
  year         = 2019,
  note         = {Retrieved on 20.12.2021}
}

% Governator wiki article

@manual{governator_wiki_auto_bind,
  author       = {Zimmerman, Jordan and {elandau}},
  title        = {Auto Binding},
  howpublished = {\url{https://github.com/Netflix/governator/wiki/Auto-Binding/5548404a73632072065e122004d0ecf0e22f891e}},
  note         = {Retrieved on 15.12.2021},
  organization = {{Netflix, Inc.}},
  year         = {2015},
  month        = {10}
}

@misc{maven_directory_layout,
  author       = {van Zyl, Jason},
  howpublished = {\url{https://github.com/apache/maven-site/blob/a5f0163be8ac4273ddff93dc24e87ac42e4f2f2a/content/apt/guides/introduction/introduction-to-the-standard-directory-layout.apt}},
  title        = {Introduction to the Standard Directory Layout},
  year         = {2014},
  note         = {Retrieved on 20.12.2021}
}

@misc{project_management_tools_report,
  author       = {Maple, Simon and Binstock, Andrew},
  howpublished = {\url{https://res.cloudinary.com/snyk/image/upload/v1539774333/blog/jvm-ecosystem-report-2018.pdf}},
  title        = {{JVM Ecosystem Report 2018} - A snapshot of the {JVM} landscape},
  year         = {2018},
  note         = {Retrieved on 20.12.2021}
}

@misc{poc_github,
  author       = {Lukas D√∂llerer},
  howpublished = {\url{https://github.com/Lukasdoe/SoftwareQualityPOCRepos}},
  title        = {{Proof Of Concept Repositories}},
  year         = 2021,
  note         = {Retrieved on 21.12.2021}
}

@article{rt_in_agile,
  author    = {Parsons, David and Susnjak, Teo and Lange, Manfred},
  title     = {Influences on Regression Testing Strategies in Agile Software Development Environments},
  year      = {2014},
  publisher = {Springer},
  address   = {Heidelberg, Germany},
  volume    = {22},
  number    = {4},
  doi       = {10.1007/s11219-013-9225-z},
  journal   = {Software Quality Journal},
  month     = {dec},
  pages     = {717-739},
  numpages  = {23}
}

@article{rt_iterative,
  author    = {Memon, Atif and Nagarajan, Adithya and Xie, Qing},
  title     = {Automating Regression Testing for Evolving GUI Software: Research Articles},
  year      = {2005},
  publisher = {John Wiley & Sons Ltd.},
  address   = {Hoboken, New Jersey},
  volume    = {17},
  number    = {1},
  journal   = {J. Softw. Maint. Evol.},
  month     = {jan},
  pages     = {27-64},
  numpages  = {38}
}

@inproceedings{java_instrumentation,
  author    = {Binder, Walter and Hulaas, Jarle and Moret, Philippe},
  title     = {Advanced Java Bytecode Instrumentation},
  year      = {2007},
  publisher = {Association for Computing Machinery},
  address   = {New York, NY, USA},
  doi       = {10.1145/1294325.1294344},
  booktitle = {Proceedings of the 5th International Symposium on Principles and Practice of Programming in Java},
  pages     = {135-144},
  numpages  = {10}
}

@misc{jackson_json_lib,
  author       = {
                  Jayson Minard and
                  Nick Williams and
                  Jack Phelan and
                  Christopher Currie and
                  Tatu Saloranta and
                  Drew Stephens and
                  James Roper and
                  Kevin Hogeland and
                  Michael O'Keeffe and
                  Morten Kjetland and
                  Nate Bauernfeind and
                  Pascal G√©linas and
                  PJ Fanning and
                  Paul Brown and
                  Vyacheslav Artemyev and
                  Jonas Konrad
                  },
  title        = {{Jackson}},
  organization = {{FasterXML}},
  howpublished = {\url{https://github.com/FasterXML/jackson}},
  note         = {Retrieved on 13.01.2022}
}

@inproceedings{inversion_of_control_di,
  author    = {Sobernig, Stefan and Zdun, Uwe},
  title     = {Inversion-of-Control Layer},
  year      = {2010},
  publisher = {Association for Computing Machinery},
  address   = {New York, NY, USA},
  doi       = {10.1145/2328909.2328935},
  booktitle = {Proceedings of the 15th European Conference on Pattern Languages of Programs},
  articleno = {21},
  numpages  = {22}
}

@article{inversion_of_control_coiner,
  author    = {Ralph E. Johnson and Brian Foote},
  title     = {Designing Reusable Classes},
  journal   = {Journal of Object-Oriented Programming},
  volume    = {1},
  number    = {2},
  pages     = {22-35},
  year      = {1988},
  month     = jun,
  publisher = {SIGS Publications},
  address   = {New York, NY, USA}
}
